@online{module,
  author = {Simon Wells},
  title = {{Teaching SET09103}},
  year = 2018,
  url = {https://siwells.github.io/teaching_set09103/},
  urldate = {2018-10-20}
}
@online{bottle,
  author = {Marcel Hellkamp.},
  title = {{Bottle: Python Web Framework}},
  year = 2018,
  url = {https://bottlepy.org/docs/dev/},
  urldate = {2018-10-20}
}